@article{haghighat_wagner_2003, 
		title="Monte Carlo variance reduction with deterministic importance functions",
		volume="42",
		DOI="10.1016/s0149-1970(02)00002-1",
	    number="1",
		journal="Progress in Nuclear Energy",
		author="Haghighat, Alireza and Wagner, John C.",
		year="2003",
	    pages="25-53"
}
@book{Carter_Cashwell_1975, 
	  title="Particle-transport simulation with the Monte Carlo method",
	  place="United States",
      url="http://www.osti.gov/scitech/servlets/purl/4167844", 
      DOI="10.2172/4167844",
	  author="Carter, L.L. and Cashwell, E.D.", 
	  year="1975",
      month="Jan"
}
@book{mcnp_manual,
	  title="MCNP- A General Monte Carlo N-Particle Transport Code, Version 5",
      author="X-5 Monte Carlo Team",
      year="2003",
      month="Apr"
}	  
